@article{Codd,
	author = {Edgar F. Codd},
	title = {A relational Model of Data for Large Shared Data Banks},
	journal = {Communications of the ACM},
	volume = {13},
	number = {6},
	month = {June},
	year = {1970}
}

@article{Bayer,
	author = {Rudolf Bayer and E. McCreight},
	title = {Organization and Maintenance of Large Ordered Indexes},
	journal = {Acta Informatica},
	volume = {1},
	number = {3},
	year = {1972},
	pages = {173--189},
	publisher = {Springer-Verlag},
}

@inbook{KnuthBTree,
	author = {Donald E. Knuth},
	title = {The Art of Computer Programming},
	volume = {3: Searching and Sorting},
	edition = {3},
	year = {1997},
	chapter = {Multiway Trees},
	pages = {481--491},
	publisher = {Addison Wesley},
}

@inbook{Cormen,
	author = {Thomas H. Cormen and Charles E. Leiserson and Ronald Rivest and Clifford Stein},
	title = {Introduction to Algorithms},
	edition = {2},
	chapter = {18: B-Trees},
	pages = {434--454},
	publisher = {MIT Press},
	year = {2001},
}

@inproceedings{BigTable,
	author = {Fay Chang and Jeffrey Dean and Sanjay Ghemawat and Wilson C. Hsieh and Deborah A. Wallach and Mike Burrows and Tushar Chandra and Andrew Fikes and Robert E. Gruber},
	title = {Bigtable: a distributed storage system for structured data},
	booktitle = {OSDI '06: Proceedings of the 7th USENIX Symposium on Operating Systems Design and Implementation},
	year = {2006},
}

@inproceedings{CStore,
	author = {Mike Stonebraker and Daniel J. Abadi and Adam Batkin and Xuedong Chen and Mitch Cherniack and Miguel Ferreira and Edmond Lau and Amerson Lin and Sam Madden and Elizabeth O'Neil and Pat O'Neil and Alex Rasin and Nga Tran and Stan Zdonik},
	title = {C-store: a column-oriented DBMS},
	booktitle = {VLDB '05: Proceedings of the 31st international conference on Very large data bases},
	year = {2005},
	pages = {553--564},
}






@book{Papazoglou,
	author = {Mike Papazoglou and Wilhelm Valder},
	title = {Entwurf relationaler Datenbanken in C},
	publisher = {Hanser Fachbuchverlag},
	year = {1991}
}

@Book{Oberschelp, 
	author = {Walter Oberschelp and Gottfried Vossen},
	title = {Rechneraufbau und Rechnerstrukturen},
	publisher = {R. Oldenbourg Verlag},
	year = {2006},
	edition = {10.}
}

@inbook{KnuthSorting,
	author = {Donald E. Knuth},
	title = {The Art of Computer Programming},
	volume = {3},
	edition = {2},
	year = {1998},
	chapter = {External Sorting},
	pages = {248-251},
	publisher = {Addison Wesley},
	isbn = {0-201-89685-0}
}

@inproceedings{Jayavel,
	author    = {Jayavel Shanmugasundaram and
			Kristin Tufte and
			Chun Zhang and
			Gang He and
       			David J. DeWitt and
			Jeffrey F. Naughton},
	title = {Relational Databases for Querying XML Documents: Limitations
               and Opportunities},
	booktitle = {VLDB'99, Proceedings of 25th International Conference
		on Very Large Data Bases, September 7-10, 1999, Edinburgh,
		Scotland, UK},
	publisher = {Morgan Kaufmann},
	year      = {1999},
	isbn      = {1-55860-615-7},
	pages     = {302-314},
}

@misc{Jakobs,
	author = {Holger Jakobs},
	title = {XML: Document Type Definitions},
	journal = {},
	year = {2007},
	pages = {4},
	howpublished = "http://www.bg.bib.de/portale/xml/pdf/XML-DTD.pdf"
}

@article{Lehman,
 author = {Lehman, Philip L. and Yao, s. Bing},
 title = {Efficient locking for concurrent operations on B-trees},
 journal = {ACM Trans. Database Syst.},
 volume = {6},
 number = {4},
 year = {1981},
 issn = {0362-5915},
 pages = {650--670},
 doi = {http://doi.acm.org/10.1145/319628.319663},
 publisher = {ACM},
 address = {New York, NY, USA},
}


